@article{McAdam2005,
author = {McAdam, Rodney and Keogh, William and Galbraith, Brendan and Laurie, Don},
doi = {10.1016/j.technovation.2004.08.002},
file = {:C$\backslash$:/Users/marti/AppData/Local/Mendeley Ltd./Mendeley Desktop/Downloaded/McAdam et al. - 2005 - Defining and improving technology transfer business and management processes in university innovation centres.pdf:pdf},
isbn = {01664972},
issn = {01664972},
journal = {Technovation},
keywords = {Business processes,High technology small firms,Innovation,Innovation centres,University science parks},
number = {12},
pages = {1418--1429},
pmid = {18771651},
title = {{Defining and improving technology transfer business and management processes in university innovation centres}},
volume = {25},
year = {2005}
}
@article{Guerrero2014,
author = {Guerrero, Maribel and Urbano, David and Cunningham, James and Organ, Damien},
doi = {10.1007/s10961-012-9287-2},
file = {:C$\backslash$:/Users/marti/AppData/Local/Mendeley Ltd./Mendeley Desktop/Downloaded/Guerrero et al. - 2014 - Entrepreneurial universities in two European regions A case study comparison.pdf:pdf},
isbn = {0892-9912},
issn = {15737047},
journal = {Journal of Technology Transfer},
keywords = {Entrepreneurial universities,Europe,Institutional economics,Resource-based view},
number = {3},
pages = {415--434},
pmid = {1521903723},
title = {{Entrepreneurial universities in two European regions: A case study comparison}},
volume = {39},
year = {2014}
}
@article{Wong2010,
author = {Wong, Poh Kam and Singh, Annette},
doi = {10.1007/s11192-009-0003-4},
file = {:C$\backslash$:/Users/marti/Desktop/Nuova cartella/wong singh 2009 university patenting activities and link to quantity and quality.pdf:pdf},
isbn = {0138-9130},
issn = {01389130},
journal = {Scientometrics},
keywords = {Publication quantity {\&} quality,Technology commercialization,University patenting},
number = {1},
pages = {271--294},
title = {{University patenting activities and their link to the quantity and quality of scientific publications}},
volume = {83},
year = {2010}
}
@article{Schrader1991,
author = {Schrader, Stephan},
doi = {10.1016/0048-7333(91)90077-4},
file = {:C$\backslash$:/Users/marti/Desktop/Nuova cartella/Schrader 1991 informal.pdf:pdf},
isbn = {0048-7333},
issn = {00487333},
journal = {Research Policy},
number = {2},
pages = {153--170},
title = {{Informal technology transfer between firms: Cooperation through information trading}},
volume = {20},
year = {1991}
}
@misc{Wonglimpiyarat2016,
author = {Wonglimpiyarat, Jarunee},
booktitle = {Technovation},
doi = {10.1016/j.technovation.2016.02.001},
file = {:C$\backslash$:/Users/marti/Desktop/Nuova cartella/Wonglimpiyarat{\_}2016{\_}government policies israel.pdf:pdf},
issn = {01664972},
keywords = {Cluster,Government policies,National innovation system (NIS),Venture capital,Yozma},
pages = {18--27},
publisher = {Elsevier},
title = {{Government policies towards Israel's high-tech powerhouse}},
volume = {52-53},
year = {2016}
}
@incollection{Roberts1991,
author = {Roberts, Edward B},
booktitle = {Lessons from MIT and Beyond},
doi = {10.1093/acprof:oso/9780195067040.001.0001},
isbn = {9780195067040},
pages = {46--99},
title = {{Entrepreneurs in high technology}},
year = {1991}
}
@article{Rosenberg1994,
author = {Rosenberg, Nathan and Nelson, Richard R.},
journal = {Research Policy},
number = {3},
pages = {323--348},
title = {{American universities and technical advance in industry}},
volume = {23},
year = {1994}
}
@article{Clarysse2005,
author = {Clarysse, Bart and Wright, Mike and Lockett, Andy and {Van de Velde}, Els and Vohora, Ajay},
doi = {10.1016/j.jbusvent.2003.12.004},
file = {:C$\backslash$:/Users/marti/AppData/Local/Mendeley Ltd./Mendeley Desktop/Downloaded/Clarysse et al. - 2005 - Spinning out new ventures A typology of incubation strategies from European research institutions.pdf:pdf},
isbn = {0883-9026},
issn = {08839026},
journal = {Journal of Business Venturing},
keywords = {Incubator model,Low Selective model,Spinning-out companies,Supportive model},
number = {2},
pages = {183--216},
title = {{Spinning out new ventures: A typology of incubation strategies from European research institutions}},
volume = {20},
year = {2005}
}
@article{Rothaermel2005,
author = {Rothaermel, Frank T and Thursby, Marie},
doi = {10.1016/j.respol.2005.05.012},
file = {:C$\backslash$:/Users/marti/Desktop/Nuova cartella/rothaermel thursby - 2005 - role uni linkages in firm incubation.pdf:pdf},
isbn = {0048-7333},
issn = {00487333},
journal = {Research Policy},
keywords = {Commercialization of university technology,Incubator firm performance differentials,New venture creation,University linkages},
number = {7},
pages = {1076--1090},
title = {{Incubator firm failure or graduation?: The role of university linkages}},
volume = {34},
year = {2005}
}
@article{Balderi2007,
author = {Balderi, Chiara and Butelli, Paola and Conti, Giuseppe and Minin, Alberto Di and Piccaluga, Andrea},
file = {:C$\backslash$:/Users/marti/AppData/Local/Mendeley Ltd./Mendeley Desktop/Downloaded/Balderi et al. - 2007 - Towards an Italian way in the valorisation of results from public research.pdf:pdf},
journal = {Impresa progetto},
number = {1},
pages = {1--32},
title = {{Towards an Italian way in the valorisation of results from public research}},
year = {2007}
}
@article{Algieri2013,
author = {Algieri, Bernardina and Aquino, Antonio and Succurro, Marianna},
doi = {10.1007/s10961-011-9241-8},
file = {:C$\backslash$:/Users/marti/AppData/Local/Mendeley Ltd./Mendeley Desktop/Downloaded/Algieri, Aquino, Succurro - 2013 - Technology transfer offices and academic spin-off creation The case of Italy.pdf:pdf},
isbn = {0892-9912},
issn = {08929912},
journal = {Journal of Technology Transfer},
keywords = {Academic entrepreneurship,Spin-offs,Technology transfer},
number = {4},
pages = {382--400},
pmid = {3366},
title = {{Technology transfer offices and academic spin-off creation: The case of Italy}},
volume = {38},
year = {2013}
}
@article{Sohn2012,
author = {Sohn, So Young and Lee, Mooyeob},
doi = {10.1007/s10961-011-9220-0},
file = {:C$\backslash$:/Users/marti/Desktop/Nuova cartella/sohn lee 2011 conjoint analysis of rd contract agreements for i funded u research.pdf:pdf},
isbn = {1096101192200},
issn = {08929912},
journal = {Journal of Technology Transfer},
keywords = {Conjoint analysis,Industry-academia collaboration,R{\&}D contract agreements},
number = {4},
pages = {532--549},
title = {{Conjoint analysis of R{\&}D contract agreements for industry-funded university research}},
volume = {37},
year = {2012}
}
@article{Cohen1990,
author = {Cohen, W M and Levinthal, D A},
file = {:C$\backslash$:/Users/marti/AppData/Local/Mendeley Ltd./Mendeley Desktop/Downloaded/Cohen, Levinthal - 1990 - Absorptive Capacity A New Perspective on Learning and.pdf:pdf},
journal = {Innovation', Administrative Science Quarterly},
number = {1},
pages = {128--152},
title = {{Absorptive Capacity: A New Perspective on Learning and}},
volume = {35},
year = {1990}
}
@article{Leitch2005,
author = {Leitch, Claire M. and Harrison, Richard T.},
doi = {10.1111/j.1467-9310.2005.00388.x},
file = {:C$\backslash$:/Users/marti/AppData/Local/Mendeley Ltd./Mendeley Desktop/Downloaded/Leitch, Harrison - 2005 - Maximising the potential of university spin-outs The development of second-order commercialisation activities.pdf:pdf},
isbn = {0033-6807},
issn = {00336807},
journal = {R and D Management},
number = {3},
pages = {257--272},
title = {{Maximising the potential of university spin-outs: The development of second-order commercialisation activities}},
volume = {35},
year = {2005}
}
@article{Siegel2003,
author = {Siegel, Donald S and Westhead, Paul and Wright, Mike},
doi = {10.1023/A:1022268100133},
file = {:C$\backslash$:/Users/marti/Desktop/Nuova cartella/siegel westhead wright - 2003 - science parks and performance new tech based firms.pdf:pdf},
isbn = {0921898X},
issn = {0921-898X},
journal = {Small Business Economics},
pages = {177--184},
pmid = {9285111},
title = {{Science Parks and the Performance of New Technology-Based Firms : A Review of Recent U . K . Evidence and an Agenda for Future Research}},
volume = {20},
year = {2003}
}
@misc{Zhou2014,
author = {Zhou, Haibo and Sandner, Philipp G and Martinelli, Simon Luca and Block, Joern H},
booktitle = {Technovation},
doi = {10.1016/j.technovation.2015.11.005},
file = {:C$\backslash$:/Users/marti/Desktop/Nuova cartella/Zhou{\_}2016{\_}Patents-trademarks-and-their-complementarity-in-venture-capital-funding.pdf:pdf},
issn = {01664972},
keywords = {Complementarity between patents and trademarks,Patents,Trademarks,Venture capital funding},
pages = {14--22},
publisher = {Elsevier},
title = {{Patents, trademarks, and their complementarity in venture capital funding}},
volume = {47},
year = {2014}
}
@article{Baba2009,
author = {Baba, Yasunori and Shichijo, Naohiro and Sedita, Silvia Rita},
doi = {10.1016/j.respol.2009.01.006},
file = {:C$\backslash$:/Users/marti/AppData/Local/Mendeley Ltd./Mendeley Desktop/Downloaded/Baba, Shichijo, Sedita - 2009 - How do collaborations with universities affect firms' innovative performance The role of Pasteur scienti.pdf:pdf},
isbn = {0048-7333},
issn = {00487333},
journal = {Research Policy},
keywords = {Advanced materials,Innovation,Pasteur scientists,Star scientists,University-Industry collaborations},
number = {5},
pages = {756--764},
title = {{How do collaborations with universities affect firms' innovative performance? The role of "Pasteur scientists" in the advanced materials field}},
volume = {38},
year = {2009}
}
@article{Anderson2007,
author = {Anderson, Timothy R. and Daim, Tugrul U. and Lavoie, Francois F.},
doi = {10.1016/j.technovation.2006.10.003},
file = {:C$\backslash$:/Users/marti/AppData/Local/Mendeley Ltd./Mendeley Desktop/Downloaded/Anderson, Daim, Lavoie - 2007 - Measuring the efficiency of university technology transfer.pdf:pdf},
isbn = {01664972},
issn = {01664972},
journal = {Technovation},
keywords = {Data envelopment analysis,Efficiency,University technology transfer},
number = {5},
pages = {306--318},
pmid = {24862342},
title = {{Measuring the efficiency of university technology transfer}},
volume = {27},
year = {2007}
}
@article{Rizzo2015,
author = {Rizzo, Ugo},
doi = {10.1007/s10961-014-9334-2},
file = {:C$\backslash$:/Users/marti/Desktop/Nuova cartella/rizzo 2014 why scientists create academic spinoff influence of context.pdf:pdf},
issn = {15737047},
journal = {Journal of Technology Transfer},
keywords = {Academic spin-off,Context of reference,Individual motivations,Necessity entrepreneurship,Opportunity entrepreneurship},
number = {2},
pages = {198--226},
title = {{Why do scientists create academic spin-offs? The influence of the context}},
volume = {40},
year = {2015}
}
@article{Chang2009,
author = {Chang, Shann Bin and Lai, Kuei Kuei and Chang, Shu Min},
doi = {10.1016/j.techfore.2008.03.014},
file = {:C$\backslash$:/Users/marti/AppData/Local/Mendeley Ltd./Mendeley Desktop/Downloaded/Chang, Lai, Chang - 2009 - Exploring technology diffusion and classification of business methods Using the patent citation network.pdf:pdf},
isbn = {1890843164},
issn = {00401625},
journal = {Technological Forecasting and Social Change},
keywords = {Basic patent,Patent,Patent citation,Technology diffusion},
number = {1},
pages = {107--117},
publisher = {Elsevier Inc.},
title = {{Exploring technology diffusion and classification of business methods: Using the patent citation network}},
volume = {76},
year = {2009}
}
@article{Hayton2013,
archivePrefix = {arXiv},
arxivId = {arXiv:1011.1669v3},
author = {Hayton, James C. and Sehili, Saloua and Scarpello, Vida},
doi = {10.1007/978-1-4614-4388-9_2},
eprint = {arXiv:1011.1669v3},
file = {:C$\backslash$:/Users/marti/AppData/Local/Mendeley Ltd./Mendeley Desktop/Downloaded/Hayton, Sehili, Scarpello - 2013 - Why do firms join cooperative research centers an empirical examination of firm, industry, and enviro.pdf:pdf},
isbn = {9781461443889},
issn = {08929912},
journal = {Cooperative Research Centers and Technical Innovation: Government Policies, Industry Strategies, and Organizational Dynamics},
keywords = {d,jel classification m10,relations {\'{a}} cooperative r,research centers {\'{a}} interorganizational},
pages = {37--57},
title = {{Why do firms join cooperative research centers? an empirical examination of firm, industry, and environmental antecedents}},
year = {2013}
}
@article{Etzkowitz2000,
author = {Etzkowitz, H and Leydesdorff, L},
doi = {10.1016/S0048-7333(99)00055-4},
file = {:C$\backslash$:/Users/marti/AppData/Local/Mendeley Ltd./Mendeley Desktop/Downloaded/Etzkowitz, Leydesdorff - 2000 - The dynamics of innovation from national systems and mode-2 to a triple helix of university-industry-gov.pdf:pdf},
isbn = {1914251660},
issn = {00487333},
journal = {Research Policy},
keywords = {1,from the endless frontier,government relations,industry,innovation,introduction,mode 2,to an,triple helix,university},
number = {2},
pages = {109--123},
title = {{The dynamics of innovation: from national systems and mode-2 to a triple helix of university-industry-government relations}},
volume = {29},
year = {2000}
}
@article{Slavova2015,
author = {Slavova, Kremena and Fosfuri, Andrea and {De Castro}, Julio O.},
doi = {10.1287/orsc.2015.1026},
file = {:C$\backslash$:/Users/marti/Desktop/Nuova cartella/slavova et al 2016 learning by hiring effects of scientists mobility on research performance inacademia.pdf:pdf},
isbn = {1047-7039},
issn = {1047-7039},
journal = {Organization Science},
keywords = {history,in advance,learning by hiring,mobility,published online in articles,research performance,scientists,scientists' mobility},
number = {December},
pages = {1--18},
title = {{Learning by Hiring: The Effects of Scientists' Inbound Mobility on Research Performance in Academia}},
year = {2015}
}
@incollection{Asheim2009,
author = {Asheim, Bjorn T. and Gertler, Meric S.},
booktitle = {The Oxford Handbook of Innovation},
file = {:C$\backslash$:/Users/marti/Desktop/Nuova cartella/asheim gertler - 2005 - geography of innovation.pdf:pdf},
keywords = {Geography,Innovation process,Innovative activity,Regional innovation systems,Spatial proximity},
month = {sep},
publisher = {Oxford University Press},
title = {{The Geography of Innovation: Regional Innovation Systems}},
year = {2009}
}
@article{Balconi2006,
author = {Balconi, Margherita and Laboranti, Andrea},
doi = {10.1016/j.respol.2006.09.018},
file = {:C$\backslash$:/Users/marti/AppData/Local/Mendeley Ltd./Mendeley Desktop/Downloaded/Balconi, Laboranti - 2006 - University-industry interactions in applied research The case of microelectronics.pdf:pdf},
isbn = {0048-7333},
issn = {00487333},
journal = {Research Policy},
keywords = {Microelectronics,Networks,Proximity,Research,University-industry collaboration},
number = {10},
pages = {1616--1630},
title = {{University-industry interactions in applied research: The case of microelectronics}},
volume = {35},
year = {2006}
}
@article{Coleman1988,
archivePrefix = {arXiv},
arxivId = {arXiv:1011.1669v3},
author = {Coleman, James S.},
doi = {10.1086/228943},
eprint = {arXiv:1011.1669v3},
file = {:C$\backslash$:/Users/marti/AppData/Local/Mendeley Ltd./Mendeley Desktop/Downloaded/Coleman - 1988 - Social Capital in the Creation of Human Capital.pdf:pdf},
isbn = {00029602},
issn = {0002-9602},
journal = {American Journal of Sociology},
number = {1988},
pages = {S95},
pmid = {1386},
title = {{Social Capital in the Creation of Human Capital}},
volume = {94},
year = {1988}
}
@article{Dimitrios2010,
author = {Dimitrios, Joaqu{\'{i}}n M Azagra-caro and Attila, Pontikakis},
file = {:C$\backslash$:/Users/marti/AppData/Local/Mendeley Ltd./Mendeley Desktop/Downloaded/Dimitrios, Attila - 2010 - Absorptive capacity and the delocalisation of university-industry interaction.pdf:pdf},
journal = {8th International Triple Helix Conference},
keywords = {Absorptive capacity,Delocalisation,Framework Programme,University-industry interaction},
number = {October},
pages = {1--40},
title = {{Absorptive capacity and the delocalisation of university-industry interaction}},
volume = {01},
year = {2010}
}
@article{Argote2000,
author = {Argote, Linda and Ingram, Paul},
doi = {10.1006/obhd.2000.2893},
file = {:C$\backslash$:/Users/marti/AppData/Local/Mendeley Ltd./Mendeley Desktop/Downloaded/Argote, Ingram - 2000 - Knowledge Transfer A Basis for Competitive Advantage in Firms.pdf:pdf},
isbn = {07495978},
issn = {07495978},
journal = {Organizational Behavior and Human Decision Processes},
keywords = {None},
number = {1},
pages = {150--169},
pmid = {12149094},
title = {{Knowledge Transfer: A Basis for Competitive Advantage in Firms}},
volume = {82},
year = {2000}
}
@article{Panagopoulos2013,
author = {Panagopoulos, Andreas and Carayannis, Elias G.},
doi = {10.1007/s10961-011-9244-5},
file = {:C$\backslash$:/Users/marti/AppData/Local/Mendeley Ltd./Mendeley Desktop/Downloaded/Panagopoulos, Carayannis - 2013 - A policy for enhancing the disclosure of university faculty invention.pdf:pdf},
issn = {08929912},
journal = {Journal of Technology Transfer},
keywords = {Bargaining,Technology licensing,University patenting},
number = {3},
pages = {341--347},
title = {{A policy for enhancing the disclosure of university faculty invention}},
volume = {38},
year = {2013}
}
@article{Chang2016,
author = {Chang, Yuan Chieh and Yang, Phil Yihsing and Martin, Ben R. and Chi, Hui Ru and Tsai-Lin, Tung Fei},
doi = {10.1016/j.technovation.2016.02.006},
file = {:C$\backslash$:/Users/marti/AppData/Local/Mendeley Ltd./Mendeley Desktop/Downloaded/Chang et al. - 2016 - Entrepreneurial universities and research ambidexterity A multilevel analysis.pdf:pdf},
issn = {01664972},
journal = {Technovation},
keywords = {Entrepreneurial universities,Multilevel analysis,Research ambidexterity},
pages = {7--21},
publisher = {Elsevier},
title = {{Entrepreneurial universities and research ambidexterity: A multilevel analysis}},
volume = {54},
year = {2016}
}
@article{Lebeau2008,
author = {Lebeau, Louis-Michel and Laframboise, Marie-Claude and Larivi{\`{e}}re, Vincent and Gingras, Yves},
doi = {10.3152/095820208X331685},
file = {:C$\backslash$:/Users/marti/AppData/Local/Mendeley Ltd./Mendeley Desktop/Downloaded/Lebeau et al. - 2008 - The effect of university–industry collaboration on the scientific impact of publications the Canadian case, 1980–.pdf:pdf},
isbn = {0958-2029},
issn = {09582029},
journal = {Research Evaluation},
number = {September},
pages = {227--232},
title = {{The effect of university–industry collaboration on the scientific impact of publications: the Canadian case, 1980–2005}},
volume = {17},
year = {2008}
}
@article{Bekkers2002,
author = {Bekkers, Rudi and Duysters, Geert and Verspagen, Bart},
doi = {10.1016/S0048-7333(01)00189-5},
file = {:C$\backslash$:/Users/marti/AppData/Local/Mendeley Ltd./Mendeley Desktop/Downloaded/Bekkers, Duysters, Verspagen - 2002 - Intellectual property rights, strategic technology agreements and market structure.pdf:pdf},
issn = {00487333},
journal = {Research Policy},
keywords = {innovation strategies,patents,strategic alliances,telecommunications},
number = {7},
pages = {1141--1161},
title = {{Intellectual property rights, strategic technology agreements and market structure}},
volume = {31},
year = {2002}
}
@article{Jensen2003,
author = {Jensen, Richard A. and Thursby, Jerry G. and Thursby, Marie C.},
doi = {10.1016/S0167-7187(03)00083-3},
file = {:C$\backslash$:/Users/marti/AppData/Local/Mendeley Ltd./Mendeley Desktop/Downloaded/Jensen, Thursby, Thursby - 2003 - Disclosure and licensing of University inventions 'The best we can do with the st we get to work with'.pdf:pdf},
isbn = {0167-7187},
issn = {01677187},
journal = {International Journal of Industrial Organization},
number = {9},
pages = {1271--1300},
pmid = {2989},
title = {{Disclosure and licensing of University inventions: 'The best we can do with the s**t we get to work with'}},
volume = {21},
year = {2003}
}
@article{Louis1989,
author = {Louis, Karen Seashore and Blumenthal, David and Gluck, Michael E and Stoto, Michael A},
doi = {10.2307/2392988},
isbn = {00018392},
issn = {00018392},
journal = {Administrative Science Quarterly},
number = {1},
pages = {110--131},
pmid = {3000},
publisher = {Johnson Graduate School of Management, Cornell University},
title = {{Entrepreneurs in Academe: An Exploration of Behaviors among Life Scientists}},
volume = {34},
year = {1989}
}
@article{Perez2003,
author = {P{\'{e}}rez, Manuela P{\'{e}}rez and S{\'{a}}nchez, Angel Mart{\'{i}}nez},
doi = {10.1016/S0166-4972(02)00034-2},
file = {:C$\backslash$:/Users/marti/AppData/Local/Mendeley Ltd./Mendeley Desktop/Downloaded/P{\'{e}}rez, S{\'{a}}nchez - 2003 - The development of university spin-offs Early dynamics of technology transfer and networking.pdf:pdf},
isbn = {01664972},
issn = {01664972},
journal = {Technovation},
keywords = {Regional innovation networks,Technology transfer,University spin-offs},
number = {10},
pages = {823--831},
title = {{The development of university spin-offs: Early dynamics of technology transfer and networking}},
volume = {23},
year = {2003}
}
@article{Efrat2014,
author = {Efrat, Kalanit},
doi = {10.1016/j.technovation.2013.08.003},
file = {:C$\backslash$:/Users/marti/AppData/Local/Mendeley Ltd./Mendeley Desktop/Downloaded/Efrat - 2014 - The direct and indirect impact of culture on innovation.pdf:pdf},
isbn = {01664972},
issn = {01664972},
journal = {Technovation},
keywords = {Country-level,Cultural dimensions,Innovation,Longitudinal},
number = {1},
pages = {12--20},
publisher = {Elsevier},
title = {{The direct and indirect impact of culture on innovation}},
volume = {34},
year = {2014}
}
@article{Chesbrough2003,
author = {Chesbrough, Henry W},
journal = {MIT Sloan Management Review},
number = {3},
pages = {35--42},
title = {{The era of Open Innovation}},
volume = {44},
year = {2003}
}
@article{Hunter2011,
author = {Hunter, Emily M. and Perry, Sara Jansen and Currall, Steven C.},
doi = {10.1016/j.respol.2011.05.024},
file = {:C$\backslash$:/Users/marti/AppData/Local/Mendeley Ltd./Mendeley Desktop/Downloaded/Hunter, Perry, Currall - 2011 - Inside multi-disciplinary science and engineering research centers The impact of organizational climate.pdf:pdf},
isbn = {0048-7333},
issn = {00487333},
journal = {Research Policy},
keywords = {Innovation,Multi-disciplinary research,Organizational climate,Patents,Technology commercialization},
number = {9},
pages = {1226--1239},
publisher = {Elsevier B.V.},
title = {{Inside multi-disciplinary science and engineering research centers: The impact of organizational climate on invention disclosures and patents}},
volume = {40},
year = {2011}
}
@article{Florida2002,
author = {Florida, Richard},
doi = {10.1111/j.1467-8691.2006.00398.x},
file = {:C$\backslash$:/Users/marti/AppData/Local/Mendeley Ltd./Mendeley Desktop/Downloaded/Florida - 2002 - The Rise of the Creative Class.pdf:pdf},
isbn = {1417632518},
issn = {00430633},
journal = {Washington Monthly},
month = {sep},
number = {May},
pages = {15--25},
pmid = {6616236},
title = {{The Rise of the Creative Class}},
year = {2002}
}
@article{Chapple2005,
author = {Chapple, Wendy and Lockett, Andy and Siegel, Donald and Wright, Mike},
doi = {10.1016/j.respol.2005.01.007},
file = {:C$\backslash$:/Users/marti/AppData/Local/Mendeley Ltd./Mendeley Desktop/Downloaded/Chapple et al. - 2005 - Assessing the relative performance of U.K. university technology transfer offices Parametric and non-parametric.pdf:pdf},
isbn = {0048-7333},
issn = {00487333},
journal = {Research Policy},
keywords = {Data envelopment analysis (DEA),Patents,Stochastic frontier estimation (SFE),Technology licensing,Technology transfer office (TTO)},
number = {3},
pages = {369--384},
pmid = {2878},
title = {{Assessing the relative performance of U.K. university technology transfer offices: Parametric and non-parametric evidence}},
volume = {34},
year = {2005}
}
@article{Link2007,
author = {Link, Albert N. and Siegel, Donald S. and Bozeman, Barry},
doi = {10.1093/icc/dtm020},
file = {:C$\backslash$:/Users/marti/AppData/Local/Mendeley Ltd./Mendeley Desktop/Downloaded/Link, Siegel, Bozeman - 2007 - An empirical analysis of the propensity of academics to engage in informal university technology transfer.pdf:pdf},
isbn = {0960-6491},
issn = {09606491},
journal = {Industrial and Corporate Change},
number = {4},
pages = {641--655},
title = {{An empirical analysis of the propensity of academics to engage in informal university technology transfer}},
volume = {16},
year = {2007}
}
@misc{Siegel2007,
author = {Siegel, Donald S and Veugelers, Reinhilde and Wright, Mike},
booktitle = {Oxford Review of Economic Policy},
doi = {10.1093/oxrep/grm036},
file = {:C$\backslash$:/Users/marti/Desktop/Nuova cartella/siegel - TT e IP performace e policy.pdf:pdf},
isbn = {0266-903X},
issn = {0266903X},
keywords = {Entrepreneurship,Intellectual property,Technology transfer offices},
number = {4},
pages = {640--660},
title = {{Technology transfer offices and commercialization of university intellectual property: Performance and policy implications}},
volume = {23},
year = {2007}
}
@article{Litan2008,
author = {Litan, Robert and Mitchell, Lesa and Reedy, EJ},
doi = {10.2139/ssrn.976005},
file = {:C$\backslash$:/Users/marti/AppData/Local/Mendeley Ltd./Mendeley Desktop/Downloaded/Litan, Mitchell, Reedy - 2008 - Commercializing University Innovations Alternative Approaches.pdf:pdf},
isbn = {0226391213},
issn = {1556-5068},
journal = {Innovation Policy and the Economy, Volume 8},
number = {April},
pages = {31--57},
title = {{Commercializing University Innovations: Alternative Approaches}},
volume = {8},
year = {2008}
}
@article{Nelson2001,
author = {Nelson, Richard R},
journal = {Journal of Technology Transfer},
pages = {13--19},
title = {{Observations on the Post-Bayh-Dole Rise of Patenting at American Universities}},
volume = {26},
year = {2001}
}
@article{Rogers2001,
author = {Rogers, E M and Takegami, S and Yin, S},
file = {:C$\backslash$:/Users/marti/Desktop/Nuova cartella/rogers takegami yin - 2000 - lesson learned about TT.pdf:pdf},
journal = {Technovation},
keywords = {high technology,regional development,spin-offs,technology transfer},
pages = {253--261},
title = {{Lessons learned about technology transfer}},
volume = {21},
year = {2001}
}
@book{DerFoo2005,
author = {{Der Foo}, Maw and {Kam Wong}, Poh and Ong, Andy},
booktitle = {Journal of Business Venturing},
doi = {10.1016/j.jbusvent.2004.04.001},
file = {:C$\backslash$:/Users/marti/AppData/Local/Mendeley Ltd./Mendeley Desktop/Downloaded/Der Foo, Kam Wong, Ong - 2005 - Do others think you have a viable business idea Team diversity and judges' evaluation of ideas in a busi.pdf:pdf},
isbn = {6568746886},
issn = {08839026},
keywords = {Early stage team activities,External evaluation,Team diversity,Team outcomes},
number = {3},
pages = {385--402},
pmid = {16591956},
title = {{Do others think you have a viable business idea? Team diversity and judges' evaluation of ideas in a business plan competition}},
volume = {20},
year = {2005}
}
@article{Comacchio2012,
author = {Comacchio, Anna and Bonesso, Sara and Pizzi, Claudio},
doi = {10.1007/s10961-011-9227-6},
file = {:C$\backslash$:/Users/marti/AppData/Local/Mendeley Ltd./Mendeley Desktop/Downloaded/Comacchio, Bonesso, Pizzi - 2012 - Boundary spanning between industry and university The role of Technology Transfer Centres.pdf:pdf},
isbn = {0892-9912},
issn = {08929912},
journal = {Journal of Technology Transfer},
keywords = {Boundary spanning,Human capital,Joint R{\&}D projects,SMEs,Technology Transfer Centres,University-industry linkage},
number = {6},
pages = {943--966},
title = {{Boundary spanning between industry and university: The role of Technology Transfer Centres}},
volume = {37},
year = {2012}
}
@article{Debackere2005,
author = {Debackere, Koenraad and Veugelers, Reinhilde},
doi = {10.1016/j.respol.2004.12.003},
file = {:C$\backslash$:/Users/marti/AppData/Local/Mendeley Ltd./Mendeley Desktop/Downloaded/Debackere, Veugelers - 2005 - The role of academic technology transfer organizations in improving industry science links.pdf:pdf},
isbn = {0048-7333},
issn = {00487333},
journal = {Research Policy},
keywords = {Economics of Science,Technology transfer},
number = {3},
pages = {321--342},
title = {{The role of academic technology transfer organizations in improving industry science links}},
volume = {34},
year = {2005}
}
@article{AzagraCaro2010,
author = {Azagra-Caro, Joaqu{\'{i}}n M and Carat, G{\'{e}}rard and Pontikakis, Dimitrios},
doi = {10.3152/095820210X510115},
file = {:C$\backslash$:/Users/marti/AppData/Local/Mendeley Ltd./Mendeley Desktop/Downloaded/Azagra-Caro, Carat, Pontikakis - 2010 - Inclining the columns to make the temple look straight a first glance at monetary indicators on.pdf:pdf},
issn = {09582029},
journal = {Research Evaluation},
number = {June},
pages = {119--128},
title = {{Inclining the columns to make the temple look straight: a first glance at monetary indicators on university–industry cooperation}},
volume = {19},
year = {2010}
}
@article{Kratzer2008,
author = {Kratzer, J. and Gemuenden, Hans G. and Lettl, Christopher},
doi = {10.1016/j.respol.2008.04.017},
file = {:C$\backslash$:/Users/marti/AppData/Local/Mendeley Ltd./Mendeley Desktop/Downloaded/Kratzer, Gemuenden, Lettl - 2008 - Revealing dynamics and consequences of fit and misfit between formal and informal networks in multi-i.pdf:pdf},
isbn = {0048-7333},
issn = {00487333},
journal = {Research Policy},
keywords = {Design structure matrix,Effectiveness,Efficiency,Formal and informal networks,Multi-institutional product development collaborat},
number = {8},
pages = {1356--1370},
title = {{Revealing dynamics and consequences of fit and misfit between formal and informal networks in multi-institutional product development collaborations}},
volume = {37},
year = {2008}
}
@article{Dahlander2010,
author = {Dahlander, Linus and Gann, David M.},
doi = {10.1016/j.respol.2010.01.013},
file = {:C$\backslash$:/Users/marti/AppData/Local/Mendeley Ltd./Mendeley Desktop/Downloaded/Dahlander, Gann - 2010 - How open is innovation.pdf:pdf},
isbn = {0048-7333},
issn = {00487333},
journal = {Research Policy},
keywords = {Appropriability,Complementary assets,Content analysis,Innovation,Open innovation,Openness,Review},
number = {6},
pages = {699--709},
pmid = {50902927},
publisher = {Elsevier B.V.},
title = {{How open is innovation?}},
volume = {39},
year = {2010}
}
@article{Cantner2006,
author = {Cantner, Uwe and Graf, Holger},
file = {:C$\backslash$:/Users/marti/Desktop/Nuova cartella/cantner graf - 2004 - SNA jena innovators.pdf:pdf},
journal = {Research Policy},
keywords = {Innovator networks,Network regression,R{\&}D cooperation},
month = {may},
number = {4},
pages = {463--480},
title = {{The network of innovators in Jena: An application of social network analysis}},
volume = {35},
year = {2006}
}
@article{Balderi2010,
author = {Balderi, Chiara and Conti, Giuseppe and Granieri, Massimiliano and Piccaluga, Andrea},
file = {:C$\backslash$:/Users/marti/AppData/Local/Mendeley Ltd./Mendeley Desktop/Downloaded/Balderi et al. - 2010 - Eppur si muove! Il percorso delle universit{\`{a}} italiane nelle attivit{\`{a}} di brevettazione e licensing dei risultati.pdf:pdf},
journal = {Economia dei Servizi},
number = {2006},
pages = {203--234},
title = {{Eppur si muove! Il percorso delle universit{\`{a}} italiane nelle attivit{\`{a}} di brevettazione e licensing dei risultati della ricerca scientifica}},
volume = {2},
year = {2010}
}
@article{Spithoven2011,
archivePrefix = {arXiv},
arxivId = {arXiv:1011.1669v3},
author = {Spithoven, Andr and Clarysse, Bart and Knockaert, Mirjam},
doi = {10.1016/j.technovation.2010.10.003},
eprint = {arXiv:1011.1669v3},
file = {:C$\backslash$:/Users/marti/Desktop/Nuova cartella/Spithoven{\_}2011{\_}Building-absorptive-capacity-to-organise-inbound-open-innovation-in-traditional-industries.pdf:pdf},
isbn = {0166-4972},
issn = {01664972},
journal = {Technovation},
keywords = {Absorptive capacity,Open innovation,Technology intermediation},
number = {1},
pages = {10--21},
pmid = {25246403},
title = {{Building absorptive capacity to organise inbound open innovation in traditional industries}},
volume = {31},
year = {2011}
}
@article{Yokura2013,
author = {Yokura, Yutaka and Matsubara, Hiroshi and Sternberg, Rolf},
doi = {10.1111/area.12055},
file = {:C$\backslash$:/Users/marti/Desktop/Nuova cartella/Yokura{\_}et{\_}al - InnNet SNA japan.pdf:pdf},
isbn = {00040894},
issn = {00040894},
journal = {Area},
keywords = {Japan,Regional innovation system,Research and development,Social network analysis,Technology transfer,Triple helix},
number = {4},
pages = {493--503},
title = {{R{\&}D networks and regional innovation: A social network analysis of joint research projects in Japan}},
volume = {45},
year = {2013}
}
@article{Heher2006,
author = {Heher, A. D.},
doi = {10.1007/s10961-006-0002-z},
file = {:C$\backslash$:/Users/marti/AppData/Local/Mendeley Ltd./Mendeley Desktop/Downloaded/Heher - 2006 - Return on investment in innovation Implications for institutions and national agencies.pdf:pdf},
isbn = {0892-9912},
issn = {08929912},
journal = {Journal of Technology Transfer},
keywords = {Benchmarks,Developing country capacity,Models,Technology transfer},
number = {4},
pages = {403--414},
pmid = {2984},
title = {{Return on investment in innovation: Implications for institutions and national agencies}},
volume = {31},
year = {2006}
}
@article{Bozeman2000,
author = {Bozeman, Barry},
doi = {10.1016/S0048-7333(99)00093-1},
file = {:C$\backslash$:/Users/marti/AppData/Local/Mendeley Ltd./Mendeley Desktop/Downloaded/Bozeman - 2000 - Technology transfer and public policy a review of research and theory.pdf:pdf},
isbn = {0958-2029},
issn = {00487333},
journal = {in: Research Policy, Vol. 29, S},
keywords = {Public policy,Research,Technology transfer,Theory},
pages = {627--655},
pmid = {15868165},
title = {{Technology transfer and public policy: a review of research and theory}},
year = {2000}
}
@article{Nieto2005,
author = {Nieto, Mariano and Quevedo, Pilar},
doi = {10.1016/j.technovation.2004.05.001},
file = {:C$\backslash$:/Users/marti/AppData/Local/Mendeley Ltd./Mendeley Desktop/Downloaded/Nieto, Quevedo - 2005 - Absorptive capacity, technological opportunity, knowledge spillovers, and innovative effort.pdf:pdf},
isbn = {3498729187},
issn = {01664972},
journal = {Technovation},
keywords = {Absorptive capacity,Innovation,Knowledge spillovers,R{\&}D,Spain,Technological opportunity},
number = {10},
pages = {1141--1157},
title = {{Absorptive capacity, technological opportunity, knowledge spillovers, and innovative effort}},
volume = {25},
year = {2005}
}
@article{DEste2007,
author = {D'Este, P. and Patel, P.},
doi = {10.1016/j.respol.2007.05.002},
file = {:C$\backslash$:/Users/marti/AppData/Local/Mendeley Ltd./Mendeley Desktop/Downloaded/D'Este, Patel - 2007 - University-industry linkages in the UK What are the factors underlying the variety of interactions with industry.pdf:pdf},
isbn = {1273685865},
issn = {00487333},
journal = {Research Policy},
keywords = {Academic researchers,Integration skills,University-industry interactions,Variety},
number = {9},
pages = {1295--1313},
pmid = {23834545},
title = {{University-industry linkages in the UK: What are the factors underlying the variety of interactions with industry?}},
volume = {36},
year = {2007}
}
@article{Muscio2010,
author = {Muscio, Alessandro},
doi = {10.1007/s10961-009-9121-7},
file = {:C$\backslash$:/Users/marti/AppData/Local/Mendeley Ltd./Mendeley Desktop/Downloaded/Muscio - 2010 - What drives the university use of technology transfer offices Evidence from Italy.pdf:pdf},
isbn = {1096100991217},
issn = {08929912},
journal = {Journal of Technology Transfer},
keywords = {Collaboration,Technology transfer,Technology transfer office,University},
number = {2},
pages = {181--202},
pmid = {3750},
title = {{What drives the university use of technology transfer offices? Evidence from Italy}},
volume = {35},
year = {2010}
}
@article{Shane2015,
author = {Shane, Scott and Dolmans, Sharon A M and Jankowski, Joseph and Reymen, Isabelle M M J and Romme, A. Georges L},
doi = {10.1007/s10961-014-9365-8},
file = {:C$\backslash$:/Users/marti/Desktop/Nuova cartella/shane et al 2014 which inventors do TLOfficers prefer spinoff.pdf:pdf},
issn = {15737047},
journal = {Journal of Technology Transfer},
keywords = {Entrepreneurship,Technology commercialization,Technology licensing offices,University inventions,University spinoffs},
number = {2},
pages = {273--292},
title = {{Academic entrepreneurship: Which inventors do technology licensing officers prefer for spinoffs?}},
volume = {40},
year = {2015}
}
@article{Hoppe2005,
author = {Hoppe, Heidrun C. and Ozdenoren, Emre},
doi = {10.1016/j.ijindorg.2005.03.003},
file = {:C$\backslash$:/Users/marti/AppData/Local/Mendeley Ltd./Mendeley Desktop/Downloaded/Hoppe, Ozdenoren - 2005 - Intermediation in innovation.pdf:pdf},
isbn = {0167-7187},
issn = {01677187},
journal = {International Journal of Industrial Organization},
keywords = {Innovation,Intermediation,Market microstructure,Matching,Patent licensing,Uncertainty},
number = {5-6},
pages = {483--503},
title = {{Intermediation in innovation}},
volume = {23},
year = {2005}
}
@article{Siegel2003a,
author = {Siegel, D. and Waldman, D. and Link, A.},
doi = {10.1016/S0048-7333(01)00196-2},
file = {:C$\backslash$:/Users/marti/Desktop/Nuova cartella/siegel waldman link - 2001 - assessing impact organizational practice on UTTO.pdf:pdf},
isbn = {0048-7333},
issn = {00487333},
journal = {Research Policy},
keywords = {industry technology transfer,sfe,stochastic frontier estimation,technology transfer offices,ttos,uitt,university},
number = {1},
pages = {27--48},
pmid = {612},
title = {{Assessing the impact of organizational practices on the relative productivity of university technology transfer offices: an exploratory study.}},
volume = {32},
year = {2003}
}
@article{Leydesdorff2010,
author = {Leydesdorff, Loet and Meyer, Martin},
doi = {10.1007/s11192-009-0001-6},
file = {:C$\backslash$:/Users/marti/AppData/Local/Mendeley Ltd./Mendeley Desktop/Downloaded/Leydesdorff, Meyer - 2010 - The decline of university patenting and the end of the Bayh–Dole effect.pdf:pdf},
issn = {0138-9130},
journal = {Scientometrics},
keywords = {indicator,legislation,m,patenting,triple helix},
month = {may},
number = {2},
pages = {355--362},
title = {{The decline of university patenting and the end of the Bayh–Dole effect}},
volume = {83},
year = {2010}
}
@article{Fitzgerald2015,
author = {Fitzgerald, Ciara and Cunningham, James A.},
doi = {10.1007/s10961-015-9419-6},
file = {:C$\backslash$:/Users/marti/AppData/Local/Mendeley Ltd./Mendeley Desktop/Downloaded/Fitzgerald, Cunningham - 2015 - Inside the university technology transfer office mission statement analysis.pdf:pdf},
isbn = {1096101594196},
issn = {0892-9912},
journal = {The Journal of Technology Transfer},
keywords = {Entrepreneurial university,Key drivers,Mission,Mission components,Mission statements,Technology transfer offices},
number = {5},
pages = {1235--1246},
publisher = {Springer US},
title = {{Inside the university technology transfer office: mission statement analysis}},
volume = {41},
year = {2015}
}
@article{Frasquet2012,
author = {Frasquet, Marta and Calder{\'{o}}n, H. and Cervera, Amparo},
doi = {10.1007/s10734-011-9482-3},
file = {:C$\backslash$:/Users/marti/AppData/Local/Mendeley Ltd./Mendeley Desktop/Downloaded/Frasquet, Calder{\'{o}}n, Cervera - 2012 - University-industry collaboration from a relationship marketing perspective An empirical analysis i.pdf:pdf},
isbn = {0018-1560},
issn = {00181560},
journal = {Higher Education},
keywords = {Collaboration,Commitment,Communication,Relationship marketing,University-industry relationships},
number = {1},
pages = {85--98},
title = {{University-industry collaboration from a relationship marketing perspective: An empirical analysis in a Spanish University}},
volume = {64},
year = {2012}
}
@article{Shane2001,
author = {Shane, Scott},
doi = {10.1287/mnsc.47.9.1173.9785},
file = {:C$\backslash$:/Users/marti/Desktop/Nuova cartella/shane - 1001 - teech regimes and new firm formation.pdf:pdf},
isbn = {0025-1909},
issn = {0025-1909},
journal = {Management Science},
number = {9},
pages = {1173--1190},
pmid = {5668229},
title = {{Technology Regimes and New Firm Formation}},
volume = {47},
year = {2001}
}
@article{Franco2000,
author = {Franco, April Mitchell and Filson, Darren},
doi = {10.1111/j.1756-2171.2006.tb00060.x},
file = {:C$\backslash$:/Users/marti/AppData/Local/Mendeley Ltd./Mendeley Desktop/Downloaded/Franco, Filson - 2006 - Spin-outs knowledge diffusion through employee mobility.pdf:pdf},
isbn = {0741-6261},
issn = {1756-2171},
journal = {The RAND Journal of Economics},
keywords = {JOM},
number = {4},
pages = {841--860},
title = {{Spin-outs: knowledge diffusion through employee mobility}},
volume = {37},
year = {2006}
}
@article{Blumenthal1996,
author = {Blumenthal, David and Campbell, Eric G. and Causino, Nancyanne and Louis, Karen Seashore},
doi = {10.1056/NEJM199612053352305},
isbn = {0028-4793},
issn = {0028-4793},
journal = {New England Journal of Medicine},
number = {23},
pages = {1734--1739},
pmid = {8929266},
publisher = {Massachusetts Medical Society},
title = {{Participation of Life-Science Faculty in Research Relationships with Industry}},
volume = {335},
year = {1996}
}
@article{Lockett2005a,
author = {Lockett, Andy and Wright, Mike},
doi = {10.1016/j.respol.2005.05.006},
file = {:C$\backslash$:/Users/marti/AppData/Local/Mendeley Ltd./Mendeley Desktop/Downloaded/Lockett, Wright - 2005 - Resources, capabilities, risk capital and the creation of university spin-out companies.pdf:pdf},
isbn = {0048-7333},
issn = {00487333},
journal = {Research Policy},
keywords = {Resource-based view,Spin-outs,Technology transfer,University/industry interaction},
number = {7},
pages = {1043--1057},
pmid = {2995},
title = {{Resources, capabilities, risk capital and the creation of university spin-out companies}},
volume = {34},
year = {2005}
}
@article{Fisher2002,
author = {Fisher, Donald and Atkinson-Grosjean, Janet},
journal = {Higher Education},
keywords = {Academic science,Boundary object,Boundary work,Canadian universities,Commercialization,Industry-liaison office,Intellectual property,Market,Technology transfer,Translation},
number = {3-4},
pages = {449--467},
publisher = {Kluwer Academic Publishers},
title = {{Brokers on the boundary: Academy - industry liaison in Canadian universities}},
volume = {44},
year = {2002}
}
@article{Genshaft2016,
author = {Genshaft, Judy and Wickert, Jonathan and Gray-little, Bernadette and Hanson, Karen and Marchase, Richard and Schiffer, Peter E and Tanner, R Michael},
file = {:C$\backslash$:/Users/marti/AppData/Local/Mendeley Ltd./Mendeley Desktop/Downloaded/Genshaft et al. - 2016 - Consideration of Technology Transfer in Tenure and Promotion.pdf:pdf},
journal = {Technology and Innovation},
keywords = {faculty review,technology transfer evaluation,tenure and promotion},
pages = {197--204},
title = {{Consideration of Technology Transfer in Tenure and Promotion}},
volume = {17},
year = {2016}
}
@article{Friedman2003,
author = {Friedman, Joseph and Silberman, Jonathan},
doi = {10.1023/A:1021674618658},
file = {:C$\backslash$:/Users/marti/AppData/Local/Mendeley Ltd./Mendeley Desktop/Downloaded/Friedman, Silberman - 2003 - University Technology Transfer Do Incentives, Management, and Location Matter.pdf:pdf},
isbn = {0892-9912},
issn = {0892-9912},
journal = {The Journal of Technology Transfer},
number = {1},
pages = {17--30},
title = {{University Technology Transfer: Do Incentives, Management, and Location Matter?}},
volume = {28},
year = {2003}
}
@article{Djokovic2008,
author = {Djokovic, Djordje and Souitaris, Vangelis},
doi = {10.1007/s10961-006-9000-4},
file = {:C$\backslash$:/Users/marti/AppData/Local/Mendeley Ltd./Mendeley Desktop/Downloaded/Djokovic, Souitaris - 2008 - Spinouts from academic institutions A literature review with suggestions for further research.pdf:pdf},
isbn = {1096100690004},
issn = {08929912},
journal = {Journal of Technology Transfer},
keywords = {Literature review,Spinouts,Technology transfer,Universities},
number = {3},
pages = {225--247},
pmid = {968960},
title = {{Spinouts from academic institutions: A literature review with suggestions for further research}},
volume = {33},
year = {2008}
}
@article{Alexander2013,
author = {Alexander, Allen T. and Martin, Dominique Philippe},
doi = {10.1016/j.techfore.2012.07.013},
file = {:C$\backslash$:/Users/marti/AppData/Local/Mendeley Ltd./Mendeley Desktop/Downloaded/Alexander, Martin - 2013 - Intermediaries for open innovation A competence-based comparison of knowledge transfer offices practices.pdf:pdf},
isbn = {0040-1625},
issn = {00401625},
journal = {Technological Forecasting and Social Change},
keywords = {Channels of transfer,Core competences,Knowledge,Technology transfer,Transfer office},
number = {1},
pages = {38--49},
publisher = {Elsevier Inc.},
title = {{Intermediaries for open innovation: A competence-based comparison of knowledge transfer offices practices}},
volume = {80},
year = {2013}
}
@article{Markman2005,
author = {Markman, Gideon D. and Gianiodis, Peter T. and Phan, Phillip H. and Balkin, David B.},
doi = {10.1016/j.respol.2005.05.007},
file = {:C$\backslash$:/Users/marti/AppData/Local/Mendeley Ltd./Mendeley Desktop/Downloaded/Markman et al. - 2005 - Innovation speed Transferring university technology to market.pdf:pdf},
isbn = {0048-7333},
issn = {00487333},
journal = {Research Policy},
keywords = {Innovation speed,Technology commercialization},
number = {7},
pages = {1058--1075},
title = {{Innovation speed: Transferring university technology to market}},
volume = {34},
year = {2005}
}
@article{Criscuolo2005,
author = {Criscuolo, Paola},
doi = {10.1007/s11192-006-0003-6},
file = {:C$\backslash$:/Users/marti/AppData/Local/Mendeley Ltd./Mendeley Desktop/Downloaded/Criscuolo - 2005 - The 'home advantage' effect and patent families. A comparison of OECD triadic patents, the USPTO and the EPO.pdf:pdf},
isbn = {0138-9130},
issn = {01389130},
journal = {Scientometrics},
number = {1},
pages = {23--41},
title = {{The 'home advantage' effect and patent families. A comparison of OECD triadic patents, the USPTO and the EPO}},
volume = {66},
year = {2005}
}
@article{Bekkers2008,
author = {Bekkers, Rudi and {Bodas Freitas}, Isabel Maria},
doi = {10.1016/j.respol.2008.07.007},
file = {:C$\backslash$:/Users/marti/AppData/Local/Mendeley Ltd./Mendeley Desktop/Downloaded/Bekkers, Bodas Freitas - 2008 - Analysing knowledge transfer channels between universities and industry To what degree do sectors also m.pdf:pdf},
isbn = {0048-7333},
issn = {00487333},
journal = {Research Policy},
keywords = {Channels of knowledge transfer,Innovation development,University-industry links},
number = {10},
pages = {1837--1853},
pmid = {58535740},
title = {{Analysing knowledge transfer channels between universities and industry: To what degree do sectors also matter?}},
volume = {37},
year = {2008}
}
@article{Meyer2006,
author = {Meyer, Martin},
journal = {Research Policy},
keywords = {Bibliometrics,Patent-publication trade-off,Science-technology linkage,Star scientists},
month = {dec},
number = {10},
pages = {1646--1662},
title = {{Are patenting scientists the better scholars?. An exploratory comparison of inventor-authors with their non-inventing peers in nano-science and technology}},
volume = {35},
year = {2006}
}
@article{Teirlinck2012,
author = {Teirlinck, Peter and Spithoven, Andr{\'{e}}},
doi = {10.1007/s10961-010-9205-4},
file = {:C$\backslash$:/Users/marti/Desktop/Nuova cartella/teirlinck spithoven 2010 ui coperation difference between U and public research centers.pdf:pdf},
isbn = {0892-9912},
issn = {08929912},
journal = {Journal of Technology Transfer},
keywords = {Firm behaviour,Industry-science relations,Public funding,Research cooperation},
number = {5},
pages = {676--695},
title = {{Fostering industry-science cooperation through public funding: Differences between universities and public research centres}},
volume = {37},
year = {2012}
}
@article{Beath2000,
author = {Beath, John and Owen, Robert F. and Poyago-Theotoky, Joanna and Ulph, David},
doi = {10.1016/S0167-7187(03)00084-5},
file = {:C$\backslash$:/Users/marti/AppData/Local/Mendeley Ltd./Mendeley Desktop/Downloaded/Beath et al. - 2003 - Optimal incentives for income-generation in universities the rule of thumb for the Compton tax.pdf:pdf},
issn = {01677187},
journal = {International Journal of Industrial Organization},
keywords = {applied research,d,fundamental research,r,university-firm links},
month = {nov},
number = {9},
pages = {1301--1322},
title = {{Optimal incentives for income-generation in universities: the rule of thumb for the Compton tax}},
volume = {21},
year = {2003}
}
@article{Mustar2006,
author = {Mustar, Philippe and Renault, Marie and Colombo, Massimo G. and Piva, Evila and Fontes, Margarida and Lockett, Andy and Wright, Mike and Clarysse, Bart and Moray, Nathalie},
doi = {10.1016/j.respol.2005.11.001},
file = {:C$\backslash$:/Users/marti/AppData/Local/Mendeley Ltd./Mendeley Desktop/Downloaded/Mustar et al. - 2006 - Conceptualising the heterogeneity of research-based spin-offs A multi-dimensional taxonomy.pdf:pdf},
isbn = {0048-7333},
issn = {00487333},
journal = {Research Policy},
keywords = {Research based spin-offs,Technology transfer,Typology},
number = {2},
pages = {289--308},
title = {{Conceptualising the heterogeneity of research-based spin-offs: A multi-dimensional taxonomy}},
volume = {35},
year = {2006}
}
@article{Muscio2008,
author = {Muscio, Alessandro},
file = {:C$\backslash$:/Users/marti/AppData/Local/Mendeley Ltd./Mendeley Desktop/Downloaded/Muscio - 2008 - Il trasferimento tecnologico in Italia risultati di un'indagine sui dipartimenti universitari.pdf:pdf},
issn = {0019-7416},
journal = {L'Industria},
keywords = {Collaboration,Knowledge Transfer,Technology Transfer,Technology Transfer Offices,University},
number = {January},
pages = {245--268},
title = {{Il trasferimento tecnologico in Italia: risultati di un' indagine sui dipartimenti universitari}},
volume = {XXIX},
year = {2008}
}
@article{Zhao1992,
author = {Zhao, L and Reisman, A},
doi = {10.1109/17.119659},
isbn = {0018-9391},
issn = {00189391},
journal = {IEEE Transactions on Engineering Management},
number = {1},
pages = {13--21},
title = {{Toward meta research on technology transfer}},
volume = {39},
year = {1992}
}
@article{Yusuf2008,
author = {Yusuf, Shahid},
doi = {10.1016/j.respol.2008.04.011},
file = {:C$\backslash$:/Users/marti/Desktop/Nuova cartella/Yusuf 2008 intermediationg knowledge exchange between universities and business.pdf:pdf},
isbn = {0048-7333},
issn = {00487333},
journal = {Research Policy},
keywords = {Intermediaries,Knowledge integration community,Tacit knowledge,Technology Licensing Offices,University-industry linkages},
number = {8},
pages = {1167--1174},
pmid = {2986},
title = {{Intermediating knowledge exchange between universities and businesses}},
volume = {37},
year = {2008}
}
@article{Druilhe2004,
author = {Druilhe, C{\'{e}}line and Garnsey, Elizabeth},
doi = {10.1023/B:JOTT.0000034123.26133.97},
file = {:C$\backslash$:/Users/marti/AppData/Local/Mendeley Ltd./Mendeley Desktop/Downloaded/Hang, Garnsey - 2011 - Centre for Technology Management.pdf:pdf},
isbn = {1902546318},
issn = {0892-9912},
journal = {The Journal of Technology Transfer},
keywords = {Business models,MNCs,case study,disruptive innovation,entrepreneurial firms,frugal engeenering,resource constraints},
number = {3/4},
pages = {269--285},
title = {{Do academic spin-outs differ and does it matter?}},
volume = {29},
year = {2004}
}
@article{Argyres1998,
author = {Argyres, Nicholas S and Liebeskind, Julia Porter},
journal = {Journal of Economic Behavior {\&} Organization},
keywords = {biotechnology,organizational forms,property rights,universities},
number = {4},
pages = {427--454},
title = {{Privatizing the intellectual commons: Universities and the commercialization of biotechnology}},
volume = {35},
year = {1998}
}
@article{Kaufmann2008,
author = {Kaufmann, Dan and Schwartz, Dafna},
doi = {10.1080/09654310801920565},
file = {:C$\backslash$:/Users/marti/AppData/Local/Mendeley Ltd./Mendeley Desktop/Downloaded/Kaufmann, Schwartz - 2008 - Networking The Missing Link in Public R{\&}D Support Schemes.pdf:pdf},
isbn = {0965-4313},
issn = {0965-4313},
journal = {European Planning Studies},
keywords = {Biotechnologies,Firm,Innovation,Network,R{\&}D,Services,biotechnology,business,experience,networking,networks,social capital,tool},
number = {3},
pages = {429--440},
title = {{Networking: The "Missing Link" in Public R{\&}D Support Schemes}},
volume = {16},
year = {2008}
}
@article{Vohora2004,
author = {Vohora, Ajay and Wright, Mike and Lockett, Andy},
doi = {10.1016/S0048-7333(03)00107-0},
file = {:C$\backslash$:/Users/marti/Desktop/Nuova cartella/vohora wright lockett - 2003 - Critical junctures in the development of university high-tech spinout companies.pdf:pdf},
isbn = {0048-7333},
issn = {00487333},
journal = {Research Policy},
keywords = {Capabilities,Entrepreneurs,Resources,Technology transfer,Universities},
number = {1},
pages = {147--175},
title = {{Critical junctures in the development of university high-tech spinout companies}},
volume = {33},
year = {2004}
}
@article{Rasmussen2006,
author = {Rasmussen, Einar and Moen, {\O}ystein and Gulbrandsen, Magnus},
doi = {10.1016/j.technovation.2004.11.005},
file = {:C$\backslash$:/Users/marti/Desktop/Nuova cartella/rasmussen et al 2004 initiatives to promote commercialization of u knowledge.pdf:pdf},
isbn = {0166-4972},
issn = {01664972},
journal = {Technovation},
keywords = {Commercialization,University},
number = {4},
pages = {518--533},
pmid = {2880},
title = {{Initiatives to promote commercialization of university knowledge}},
volume = {26},
year = {2006}
}
@article{Giuliani2005,
author = {Giuliani, Elisa and Bell, Martin},
doi = {10.1016/j.respol.2004.10.008},
file = {:C$\backslash$:/Users/marti/AppData/Local/Mendeley Ltd./Mendeley Desktop/Downloaded/Giuliani, Bell - 2005 - The micro-determinants of meso-level learning and innovation Evidence from a Chilean wine cluster.pdf:pdf},
isbn = {0048-7333},
issn = {00487333},
journal = {Research Policy},
keywords = {Absorptive capacity,Clusters,Knowledge communities,Technological gatekeepers},
number = {1},
pages = {47--68},
pmid = {217},
title = {{The micro-determinants of meso-level learning and innovation: Evidence from a Chilean wine cluster}},
volume = {34},
year = {2005}
}
@article{Agrawal2014,
author = {Agrawal, Ajay and Cockburn, Iain and Galasso, Alberto and Oettl, Alexander},
doi = {10.1016/j.jue.2014.03.003},
file = {:C$\backslash$:/Users/marti/AppData/Local/Mendeley Ltd./Mendeley Desktop/Downloaded/Agrawal et al. - 2014 - Why are some regions more innovative than others The role of small firms in the presence of large labs.pdf:pdf},
isbn = {0094-1190},
issn = {00941190},
journal = {Journal of Urban Economics},
keywords = {Cities,Externalities,Firm size diversity,Innovation,Patents,Spin-outs},
pages = {149--165},
publisher = {Elsevier Inc.},
title = {{Why are some regions more innovative than others? The role of small firms in the presence of large labs}},
volume = {81},
year = {2014}
}
@article{Bercovitz2006,
author = {Bercovitz, Janet and Feldmann, Maryann},
doi = {10.1007/s10961-005-5029-z},
file = {:C$\backslash$:/Users/marti/AppData/Local/Mendeley Ltd./Mendeley Desktop/Downloaded/Bercovitz, Feldmann - 2006 - Entrepreneurial Universities and Technology Transfer A Conceptual Framework for Understanding Knowledge-Bas.pdf:pdf},
isbn = {0892-9912},
issn = {08929912},
journal = {Journal of Technology Transfer},
keywords = {economy development,entrepreneurship,jel classification,knowledge base,o21,o31,o34,technology transfer,universities},
pages = {175--188},
title = {{Entrepreneurial Universities and Technology Transfer: A Conceptual Framework for Understanding Knowledge-Based Economic Development}},
volume = {31},
year = {2006}
}
@article{Jimenez2011,
author = {Jimenez-Barrionuevo, Maria Magdalena and Garcia-Morales, Victor J. and Molina, Luis Miguel},
doi = {10.1016/j.technovation.2010.12.002},
file = {:C$\backslash$:/Users/marti/AppData/Local/Mendeley Ltd./Mendeley Desktop/Downloaded/Jimnez-Barrionuevo, Garca-Morales, Molina - 2011 - Validation of an instrument to measure absorptive capacity.pdf:pdf},
isbn = {01664972},
issn = {01664972},
journal = {Technovation},
keywords = {Assessment instrument,Potential and realized absorptive capacity,Resource-based view},
number = {5-6},
pages = {190--202},
title = {{Validation of an instrument to measure absorptive capacity}},
volume = {31},
year = {2011}
}
@article{Audretsch2005,
author = {Audretsch, David B. and Lehmann, Erik E.},
doi = {10.1016/j.respol.2005.03.012},
file = {:C$\backslash$:/Users/marti/AppData/Local/Mendeley Ltd./Mendeley Desktop/Downloaded/Audretsch, Lehmann - 2005 - Does the knowledge spillover theory of entrepreneurship hold for regions.pdf:pdf},
isbn = {0048-7333},
issn = {00487333},
journal = {Research Policy},
keywords = {Firm location,University spillover},
number = {8},
pages = {1191--1202},
title = {{Does the knowledge spillover theory of entrepreneurship hold for regions?}},
volume = {34},
year = {2005}
}
@article{Bercovitz2001,
author = {Bercovitz, Janet and Feldman, Maryann and Feller, Irwin and Burton, Richard},
doi = {10.1023/a:1007828026904},
file = {:C$\backslash$:/Users/marti/AppData/Local/Mendeley Ltd./Mendeley Desktop/Downloaded/Bercovitz et al. - 2001 - Organizational Structure as a Determinant of Academic Patent and Licensing Behavior An Exploratory Study of Du.pdf:pdf},
isbn = {0892-9912},
issn = {0892-9912},
journal = {The Journal of Technology Transfer},
keywords = {Business and Economics},
number = {1},
pages = {21--35},
pmid = {2983},
title = {{Organizational Structure as a Determinant of Academic Patent and Licensing Behavior: An Exploratory Study of Duke, Johns Hopkins, and Pennsylvania State Universities}},
volume = {26},
year = {2001}
}
@article{Landry2013,
author = {Landry, R{\'{e}}jean and Amara, Nabil and Cloutier, Jean-Samuel and Halilem, Norrin},
doi = {10.1016/j.technovation.2013.09.008},
file = {:C$\backslash$:/Users/marti/AppData/Local/Mendeley Ltd./Mendeley Desktop/Downloaded/Landry et al. - 2013 - Technology transfer organizations Services and business models.pdf:pdf},
isbn = {01664972},
issn = {01664972},
journal = {Technovation},
keywords = {Intermediary organizations,Regressions,Services provided to firms,Survey,Technology transfer},
number = {12},
pages = {431--449},
publisher = {Elsevier},
title = {{Technology transfer organizations: Services and business models}},
volume = {33},
year = {2013}
}
@article{Etzkowitz1998,
author = {Etzkowitz, Henry},
journal = {Research Policy},
keywords = {Capitalisation of knowledge,Spin-off firms,Technology transfer,University–industry interaction},
number = {8},
pages = {823--833},
title = {{The norms of entrepreneurial science: cognitive effects of the new university–industry linkages}},
volume = {27},
year = {1998}
}
@article{Fritsch2007,
author = {Fritsch, Michael and Slavtchev, Viktor},
doi = {10.1080/13662710701253466},
file = {:C$\backslash$:/Users/marti/AppData/Local/Mendeley Ltd./Mendeley Desktop/Downloaded/Fritsch, Slavtchev - 2007 - Universities and innovation in space.pdf:pdf},
isbn = {13662716},
issn = {1366-2716},
journal = {Industry {\&} Innovation},
keywords = {innovation,knowledge,patents,regional analysis,spillovers,universities},
number = {2},
pages = {201--218},
title = {{Universities and innovation in space}},
volume = {14},
year = {2007}
}
@article{Tijssen2004,
author = {Tijssen, Robert J W},
doi = {10.1016/j.respol.2003.11.002},
file = {:C$\backslash$:/Users/marti/Desktop/Nuova cartella/tjessen 2004 is the commercialization of scientific research affecting production of public knowledge.pdf:pdf},
isbn = {0048-7333},
issn = {00487333},
journal = {Research Policy},
keywords = {Bio-pharmaceuticals,Corporate research,Knowledge protection and dissemination,Research partnerships,Semiconductors},
number = {5},
pages = {709--733},
pmid = {25364},
title = {{Is the commercialisation of scientific research affecting the production of public knowledge? Global trends in the output of corporate research articles}},
volume = {33},
year = {2004}
}
@book{Stokes1997,
author = {Stokes, Donald E},
pmid = {3069272},
publisher = {Brookings Inst Pr},
title = {{Pasteur's Quadrant: basic science and technological innovation}},
year = {1997}
}
@article{Brescia2016,
author = {Brescia, F. and Colombo, G. and Landoni, P.},
doi = {10.1007/s10961-014-9384-5},
file = {:C$\backslash$:/Users/marti/AppData/Local/Mendeley Ltd./Mendeley Desktop/Downloaded/Brescia, Colombo, Landoni - 2016 - Organizational structures of Knowledge Transfer Offices an analysis of the worlds top-ranked universi.pdf:pdf},
isbn = {08929912 (ISSN)},
issn = {15737047},
journal = {Journal of Technology Transfer},
keywords = {Higher education institution,Knowledge Transfer Organization (KTO),Organizational model,TTO,Technology transfer,University},
number = {1},
pages = {132--151},
publisher = {Springer US},
title = {{Organizational structures of Knowledge Transfer Offices: an analysis of the world???s top-ranked universities}},
volume = {41},
year = {2016}
}
@article{Tijssen2006,
author = {Tijssen, Robert J W},
doi = {10.1016/j.respol.2006.09.025},
file = {:C$\backslash$:/Users/marti/Desktop/Nuova cartella/tjessen - 2006 - universities and industrially relevant science.pdf:pdf},
isbn = {0048-7333},
issn = {00487333},
journal = {Research Policy},
keywords = {Knowledge spillovers,Research performance indicators,Stage model,University entrepreneurial orientation,University-industry linkages},
number = {10},
pages = {1569--1585},
pmid = {23206786},
title = {{Universities and industrially relevant science: Towards measurement models and indicators of entrepreneurial orientation}},
volume = {35},
year = {2006}
}
@article{Gilsing2011,
author = {Gilsing, Victor and Bekkers, Rudi and {Bodas Freitas}, Isabel Maria and {Van Der Steen}, Marianne},
doi = {10.1016/j.technovation.2011.06.009},
file = {:C$\backslash$:/Users/marti/AppData/Local/Mendeley Ltd./Mendeley Desktop/Downloaded/Gilsing et al. - 2011 - Differences in technology transfer between science-based and development-based industries Transfer mechanisms an.pdf:pdf},
isbn = {0166-4972},
issn = {01664972},
journal = {Technovation},
keywords = {Technology transfer barriers,Technology transfer mechanisms,Universityindustry technology transfer},
number = {12},
pages = {638--647},
title = {{Differences in technology transfer between science-based and development-based industries: Transfer mechanisms and barriers}},
volume = {31},
year = {2011}
}
@article{Zeng2010,
author = {Zeng, S X and Xie, X M and Tam, C M},
doi = {10.1016/j.technovation.2009.08.003},
file = {:C$\backslash$:/Users/marti/Desktop/Nuova cartella/zeng - 2009 - cooperation networks and innovation performance sme.pdf:pdf},
isbn = {0166-4972},
issn = {01664972},
journal = {Technovation},
keywords = {Cooperation network,Innovation,Innovation performance,SMEs},
number = {3},
pages = {181--194},
pmid = {257},
publisher = {Elsevier},
title = {{Relationship between cooperation networks and innovation performance of SMEs}},
volume = {30},
year = {2010}
}
@article{Perez-Luno2011,
author = {P{\'{e}}rez-Lu{\~{n}}o, Ana and {Cabello Medina}, Carmen and {Carmona Lavado}, Antonio and {Cuevas Rodr{\'{i}}guez}, Gloria},
doi = {10.1016/j.jbusres.2011.01.014},
file = {:C$\backslash$:/Users/marti/AppData/Local/Mendeley Ltd./Mendeley Desktop/Downloaded/P{\'{e}}rez-Lu{\~{n}}o et al. - 2011 - How social capital and knowledge affect innovation.pdf:pdf},
isbn = {0148-2963},
issn = {01482963},
journal = {Journal of Business Research},
keywords = {Innovation,Knowledge complexity,Knowledge tacitness,Radicalness,Social capital},
number = {12},
pages = {1369--1376},
title = {{How social capital and knowledge affect innovation}},
volume = {64},
year = {2011}
}
@article{audretsch2000,
author = {Audretsch, David},
journal = {Mimeograph, Indiana University},
title = {{Is university entrepreneurship different?}},
year = {2000}
}
@article{Fini2009,
author = {Fini, Riccardo and Grimaldi, Rosa and Sobrero, Maurizio},
doi = {10.1007/s10961-008-9093-z},
file = {:C$\backslash$:/Users/marti/AppData/Local/Mendeley Ltd./Mendeley Desktop/Downloaded/Fini, Grimaldi, Sobrero - 2009 - Factors fostering academics to start up new ventures An assessment of Italian founders' incentives.pdf:pdf},
isbn = {0892-9912},
issn = {08929912},
journal = {Journal of Technology Transfer},
keywords = {Academic spin-off,Founders' incentives,Technology transfer},
number = {4},
pages = {380--402},
title = {{Factors fostering academics to start up new ventures: An assessment of Italian founders' incentives}},
volume = {34},
year = {2009}
}
@article{Stern2004,
archivePrefix = {arXiv},
arxivId = {arXiv:1011.1669v3},
author = {Stern, Scott},
doi = {10.1287/mnsc.1040.0241},
eprint = {arXiv:1011.1669v3},
file = {:C$\backslash$:/Users/marti/Desktop/Nuova cartella/stern 1999 do scientists pay to be.pdf:pdf},
isbn = {00251909},
issn = {0025-1909},
journal = {Management Science},
number = {6},
pages = {835--853},
pmid = {13442229},
title = {{Do Scientists Pay to Be Scientists?}},
volume = {50},
year = {2004}
}
@article{Macho-Stadler2007,
author = {Macho-Stadler, In{\'{e}}s and P{\'{e}}rez-Castrillo, David and Veugelers, Reinhilde},
doi = {10.1016/j.ijindorg.2006.06.001},
file = {:C$\backslash$:/Users/marti/AppData/Local/Mendeley Ltd./Mendeley Desktop/Downloaded/Macho-Stadler, P{\'{e}}rez-Castrillo, Veugelers - 2007 - Licensing of university inventions The role of a technology transfer office.pdf:pdf},
isbn = {0167-7187},
issn = {01677187},
journal = {International Journal of Industrial Organization},
keywords = {Industry-science relations,Technology licensing,Technology transfer offices},
number = {3},
pages = {483--510},
title = {{Licensing of university inventions: The role of a technology transfer office}},
volume = {25},
year = {2007}
}
@book{Ranga2013,
author = {Ranga, Marina and Etzkowitz, Henry},
booktitle = {Industry and Higher Education},
doi = {10.5367/ihe.2013.0165},
file = {:C$\backslash$:/Users/marti/Desktop/Nuova cartella/ranga etzkowitz - triple helix 2012.pdf:pdf},
isbn = {6507252166},
issn = {09504222},
keywords = {consensus space,corresponding author,government interaction,industry,innovation,innovation space,is with the human,knowledge space,marina ranga,regional innovation policy,sciences and technology,systems,triple helix systems,university},
number = {4},
pages = {237--262},
title = {{Triple Helix systems: an analytical framework for innovation policy and practice in the Knowledge Society}},
volume = {27},
year = {2013}
}
@article{Link2005,
author = {Link, Albert N and Siegel, Donald S},
doi = {10.1080/1351847042000254211},
file = {:C$\backslash$:/Users/marti/AppData/Local/Mendeley Ltd./Mendeley Desktop/Downloaded/Link, Siegel - 2005 - Generating science-based growth an econometric analysis of the impact of organizational incentives on university–i.pdf:pdf},
isbn = {1351-847X},
issn = {1351847X (ISSN)},
journal = {The European Journal of Finance},
number = {3},
pages = {169--181},
pmid = {2993},
title = {{Generating science-based growth: an econometric analysis of the impact of organizational incentives on university – industry technology transfer}},
volume = {11},
year = {2005}
}
@article{Franklin2001,
author = {Franklin, Stephen J and Wright, Mike and Lockett, Andy},
journal = {The Journal of Technology Transfer},
keywords = {Business and Economics},
number = {1},
pages = {127--141},
publisher = {Springer Netherlands},
title = {{Academic and Surrogate Entrepreneurs in University Spin-out Companies}},
volume = {26},
year = {2001}
}
@article{Resende2013,
author = {Resende, David N and Gibson, David and Jarrett, James},
doi = {10.1016/j.technovation.2012.09.001},
file = {:C$\backslash$:/Users/marti/Desktop/Nuova cartella/Resende - best tramsfer practice.pdf:pdf},
isbn = {01664972},
issn = {01664972},
journal = {Technovation},
keywords = {Facilitators,Technology transfer,Technology transfer office,Technology valorization,Triple helix,University enterprise relationship},
number = {1},
pages = {2--12},
pmid = {84153631},
publisher = {Elsevier},
title = {{BTP - Best Transfer Practices. A tool for qualitative analysis of tech-transfer offices: A cross cultural analysis}},
volume = {33},
year = {2013}
}
@article{DEste2011,
archivePrefix = {arXiv},
arxivId = {arXiv:1011.1669v3},
author = {D'Este, Pablo and Perkmann, Markus},
doi = {10.1007/s10961-010-9153-z},
eprint = {arXiv:1011.1669v3},
file = {:C$\backslash$:/Users/marti/AppData/Local/Mendeley Ltd./Mendeley Desktop/Downloaded/D'Este, Perkmann - 2011 - Why do academics engage with industry The entrepreneurial university and individual motivations.pdf:pdf},
isbn = {0892-9912},
issn = {08929912},
journal = {Journal of Technology Transfer},
keywords = {Collaborative research,Commercialization,Entrepreneurial university,Joint research,Motivation,University-industry relations},
number = {3},
pages = {316--339},
pmid = {31558486},
title = {{Why do academics engage with industry? The entrepreneurial university and individual motivations}},
volume = {36},
year = {2011}
}
@article{Radosevich1955,
author = {Radosevich, R},
doi = {10.1556/AAlim.2015.0002},
isbn = {0131250270230},
issn = {0267-5730},
journal = {International Journal of Technology Management},
number = {7-8},
pages = {897--893},
title = {{A model for entrepreneurial spin-offs from public technology source}},
volume = {10},
year = {1955}
}
@article{Lockett2005,
author = {Lockett, Andy and Siegel, Donald and Wright, Mike and Ensley, Michael D.},
doi = {10.1016/j.respol.2005.05.010},
file = {:C$\backslash$:/Users/marti/AppData/Local/Mendeley Ltd./Mendeley Desktop/Downloaded/Lockett et al. - 2005 - The creation of spin-off firms at public research institutions Managerial and policy implications.pdf:pdf},
isbn = {0048-7333},
issn = {00487333},
journal = {Research Policy},
keywords = {Technology transfer office (TTO),University entrepreneurship,University spin-offs},
number = {7},
pages = {981--993},
title = {{The creation of spin-off firms at public research institutions: Managerial and policy implications}},
volume = {34},
year = {2005}
}
@article{Lee2000,
author = {Lee, Yong S.},
doi = {10.1023/A:1007895322042},
file = {:C$\backslash$:/Users/marti/AppData/Local/Mendeley Ltd./Mendeley Desktop/Downloaded/Lee - 2000 - The Sustainability of University-Industry Research Collaboration.pdf:pdf},
isbn = {0892-9912},
issn = {08929912},
journal = {Journal of Technology Transfer},
pages = {111--133},
pmid = {592059},
title = {{The Sustainability of University-Industry Research Collaboration :}},
volume = {25},
year = {2000}
}
@article{Baldini2006,
author = {Baldini, Nicola and Grimaldi, Rosa and Sobrero, Maurizio},
doi = {10.1016/j.respol.2006.01.004},
file = {:C$\backslash$:/Users/marti/AppData/Local/Mendeley Ltd./Mendeley Desktop/Downloaded/Baldini, Grimaldi, Sobrero - 2006 - Institutional changes and the commercialization of academic knowledge A study of Italian universitie.pdf:pdf},
isbn = {0048-7333},
issn = {00487333},
journal = {Research Policy},
keywords = {Organizational change,Patents,Regulations,Technology transfer,University},
number = {4},
pages = {518--532},
pmid = {2975},
title = {{Institutional changes and the commercialization of academic knowledge: A study of Italian universities' patenting activities between 1965 and 2002}},
volume = {35},
year = {2006}
}
@article{Thursby2002,
author = {Thursby, Jerry G. and Thursby, Marie C},
doi = {10.1287/mnsc.48.1.90.14271},
file = {:C$\backslash$:/Users/marti/Desktop/Nuova cartella/thursby - 2000 - ivory tower U licensing.pdf:pdf},
isbn = {0025-1909},
issn = {0025-1909},
journal = {Management Science},
number = {1},
pages = {90--104},
pmid = {6284621},
title = {{Who Is Selling the Ivory Tower? Sources of Growth in University Licensing}},
volume = {48},
year = {2002}
}
@article{Geuna2009,
author = {Geuna, Aldo and Muscio, Alessandro},
doi = {10.1007/s11024-009-9118-2},
file = {:C$\backslash$:/Users/marti/AppData/Local/Mendeley Ltd./Mendeley Desktop/Downloaded/Geuna, Muscio - 2009 - The governance of university knowledge transfer A critical review of the literature.pdf:pdf},
isbn = {1102400991182},
issn = {00264695},
journal = {Minerva},
keywords = {European universities,Governance,Intellectual property,Knowledge transfer,Knowledge transfer organization},
number = {1},
pages = {93--114},
pmid = {47568579},
title = {{The governance of university knowledge transfer: A critical review of the literature}},
volume = {47},
year = {2009}
}
@article{Phan2005,
author = {Phan, Phillip H. and Siegel, Donald S. and Wright, Mike},
doi = {10.1016/j.jbusvent.2003.12.001},
file = {:C$\backslash$:/Users/marti/AppData/Local/Mendeley Ltd./Mendeley Desktop/Downloaded/Phan, Siegel, Wright - 2005 - Science parks and incubators Observations, synthesis and future research.pdf:pdf},
isbn = {08839026},
issn = {08839026},
journal = {Journal of Business Venturing},
keywords = {Incubators,Performance,Science parks},
number = {2},
pages = {165--182},
pmid = {21978204},
title = {{Science parks and incubators: Observations, synthesis and future research}},
volume = {20},
year = {2005}
}
@article{Pinheiro2015,
author = {Pinheiro, Miguel Linhares and Lucas, C{\^{a}}ndida},
doi = {10.1142/S1363919615500139},
file = {:C$\backslash$:/Users/marti/AppData/Local/Mendeley Ltd./Mendeley Desktop/Downloaded/Pinheiro, Lucas - 2015 - Social Network Analysis as a new methodological tool to understand University–Industry cooperation.pdf:pdf},
issn = {1363-9196},
journal = {International Journal of Innovation Management},
month = {feb},
number = {1},
pages = {1550013},
title = {{Social Network Analysis as a new methodological tool to understand University–Industry cooperation}},
volume = {19},
year = {2015}
}
@article{Zucker2001,
author = {Zucker, Lynne G and Darby, Michael R},
doi = {10.1023/a:1007832127813},
file = {:C$\backslash$:/Users/marti/Desktop/Nuova cartella/zucker darby - 2001 - star scientists tech t.pdf:pdf},
isbn = {0892-9912},
issn = {08929912},
journal = {Journal of Technology Transfer},
pages = {37--58},
title = {{Capturing Technological Opportunity Via Japan's Star Scientists: Evidence from Japanese Firms' Biotech Patents}},
volume = {26},
year = {2001}
}
@article{Lockett2003,
author = {Lockett, A and Wright, M and Franklin, S},
doi = {10.1023/A:1022220216972},
file = {:C$\backslash$:/Users/marti/AppData/Local/Mendeley Ltd./Mendeley Desktop/Downloaded/Lockett, Wright, Franklin - 2003 - Technology transfer and universities' spin-out strategies.pdf:pdf},
isbn = {0921-898X},
issn = {0921-898X},
journal = {Small Business Economics},
number = {2},
pages = {185--200},
pmid = {2994},
title = {{Technology transfer and universities' spin-out strategies}},
volume = {20},
year = {2003}
}
@article{Colombo2010,
author = {Colombo, Massimo G. and D'Adda, Diego and Piva, Evila},
doi = {10.1007/s10961-009-9111-9},
file = {:C$\backslash$:/Users/marti/AppData/Local/Mendeley Ltd./Mendeley Desktop/Downloaded/Colombo, D'Adda, Piva - 2010 - The contribution of university research to the growth of academic start-ups An empirical analysis.pdf:pdf},
isbn = {1096100991},
issn = {08929912},
journal = {Journal of Technology Transfer},
keywords = {Academic start-ups,Growth,New technology-based firms,University research},
number = {1},
pages = {113--140},
title = {{The contribution of university research to the growth of academic start-ups: An empirical analysis}},
volume = {35},
year = {2010}
}
@article{OwenSmith2001,
author = {Owen-Smith, Jason and Powell, Walter W.},
doi = {10.1023/A:1007892413701},
file = {:C$\backslash$:/Users/marti/AppData/Local/Mendeley Ltd./Mendeley Desktop/Downloaded/Owen-Smith, Powell - 2001 - To patent or not Faculty decisions and institutional success at technology transfer.pdf:pdf},
isbn = {08929912},
issn = {08929912},
journal = {The Journal of Technology Transfer},
number = {1},
pages = {99--114},
pmid = {25018997},
title = {{To patent or not: Faculty decisions and institutional success at technology transfer}},
volume = {26},
year = {2001}
}
@article{Caloghirou2001,
author = {Caloghirou, Yannis and Tsakanikas, Aggelos and Vonortas, Nicholas S.},
journal = {The Journal of Technology Transfer},
number = {1},
pages = {153--161},
title = {{University-industry cooperation in the context of the European framework programmes}},
volume = {26},
year = {2001}
}
@article{Powers2005,
author = {Powers, Joshua B. and McDougall, Patricia P.},
journal = {Journal of Business Venturing},
keywords = {Entrepreneurship,Industry,Start-up formation,University},
month = {may},
number = {3},
pages = {291--311},
title = {{University start-up formation and technology licensing with firms that go public: A resource-based view of academic entrepreneurship}},
volume = {20},
year = {2005}
}
@article{Lacetera2006,
author = {Lacetera, Nicola},
doi = {10.2139/ssrn.1090714},
file = {:C$\backslash$:/Users/marti/AppData/Local/Mendeley Ltd./Mendeley Desktop/Downloaded/Lacetera - 2006 - Multiple Missions and Academic Entrepreneurship ∗.pdf:pdf},
issn = {1556-5068},
journal = {Technology},
keywords = {academic entrepreneurship,bob gibbons,d manage-,economics of science,i wish to thank,i23,jel classification,l21,l31,m13,ment,o31,of my doctoral dissertation,philippe aghion,r,rebecca,research and development,science and technology policy,this is chapter 1},
pages = {1--55},
title = {{Multiple Missions and Academic Entrepreneurship}},
year = {2006}
}
@article{Aristei2016,
author = {Aristei, David and Vecchi, Michela and Venturini, Francesco},
doi = {10.1007/s10961-015-9403-1},
file = {:C$\backslash$:/Users/marti/AppData/Local/Mendeley Ltd./Mendeley Desktop/Downloaded/Aristei, Vecchi, Venturini - 2016 - University and inter-firm R{\&}D collaborations propensity and intensity of cooperation in Europe.pdf:pdf},
issn = {15737047},
journal = {Journal of Technology Transfer},
keywords = {Cooperative effort,EU,Firm R{\&}D collaborations,University},
number = {4},
pages = {841--871},
publisher = {Springer US},
title = {{University and inter-firm R{\&}D collaborations: propensity and intensity of cooperation in Europe}},
volume = {41},
year = {2016}
}
@article{Wernerfelt1984,
archivePrefix = {arXiv},
arxivId = {z0036},
author = {Wernerfelt, Birger},
doi = {10.1002/smj.4250050207},
eprint = {z0036},
file = {:C$\backslash$:/Users/marti/Desktop/Nuova cartella/wernerfelt - 1984 - resource based view.pdf:pdf},
isbn = {01432095},
issn = {1545-0864},
journal = {Strategic Management Journal},
keywords = {Academic Medical Centers,Academic Medical Centers: standards,Commerce,Commerce: economics,Commerce: standards,Financial Management,Financial Management: standards,Health Care Sector,Health Care Sector: economics,Health Care Sector: standards,Health Services,Health Services: economics,Health Services: standards,Marketing of Health Services,Marketing of Health Services: standards,Michigan,Nursing Homes,Nursing Homes: standards,Organizational Culture,United States},
number = {2},
pages = {171--180},
pmid = {19064477},
title = {{A Resource based view of the firm}},
volume = {5},
year = {1984}
}
@article{Harmon1997,
author = {Harmon, B and Ardishvili, A and Cardozo, R N and Elder, T and Leuthold, J and Parshall, J and Raghian, M and Smith, D},
doi = {10.1016/S0883-9026(96)00064-X},
file = {:C$\backslash$:/Users/marti/AppData/Local/Mendeley Ltd./Mendeley Desktop/Downloaded/Harmon et al. - 1997 - Mapping the university technology transfer process.pdf:pdf},
isbn = {08839026 (ISSN)},
issn = {08839026},
journal = {Journal of Business Venturing},
number = {6},
pages = {423--434},
title = {{Mapping the university technology transfer process}},
volume = {12},
year = {1997}
}
@unpublished{Belenzon2007,
author = {Belenzon, Sharon and Schankerman, Mark},
file = {:C$\backslash$:/Users/marti/AppData/Local/Mendeley Ltd./Mendeley Desktop/Downloaded/Belenzon, Schankerman - 2007 - Harnessing Success Determinants of UniversityTechnology Licensing Performance.pdf:pdf},
isbn = {1A.37},
keywords = {incentives,},
title = {{Harnessing Success: Determinants of UniversityTechnology Licensing Performance}},
year = {2007}
}
@article{Ndonzuau2002,
author = {Ndonzuau, Fr{\'{e}}d{\'{e}}ric Nlemvo and Pirnay, Fabrice and Surlemont, Bernard},
doi = {10.1016/S0166-4972(01)00019-0},
file = {:C$\backslash$:/Users/marti/AppData/Local/Mendeley Ltd./Mendeley Desktop/Downloaded/Ndonzuau, Pirnay, Surlemont - 2002 - A stage model of academic spin-off creation.pdf:pdf},
isbn = {0166-4972},
issn = {01664972},
journal = {Technovation},
keywords = {Technology transfer,University spin-off,University–industry relationships},
number = {5},
pages = {281--289},
title = {{A stage model of academic spin-off creation}},
volume = {22},
year = {2002}
}
@article{Murray2005,
author = {Murray, F},
file = {:C$\backslash$:/Users/marti/AppData/Local/Mendeley Ltd./Mendeley Desktop/Downloaded/Murray - 2005 - Exchange relationships {\&} cumulative innovation Standing on the shoulders of the oncomouse.pdf:pdf},
journal = {Unpublished manuscript},
title = {{Exchange relationships {\&} cumulative innovation: Standing on the shoulders of the oncomouse}},
year = {2005}
}
@article{OShea2004,
author = {O'Shea, Rory and Allen, Thomas and O'Gorman, Colm and Roche, Frank},
doi = {Article},
file = {:C$\backslash$:/Users/marti/AppData/Local/Mendeley Ltd./Mendeley Desktop/Downloaded/O'Shea, Rory Allen, Thomas O'Gorman, Colm Roche - 2004 - Universities and Technology Transfer A Review of Academic Entrepreneurship.pdf:pdf},
isbn = {1649248X},
issn = {1649248X},
journal = {Irish Journal of Management},
pages = {11--29},
pmid = {18014985},
title = {{Universities and Technology Transfer : A Review of Academic Entrepreneurship Literature}},
volume = {25},
year = {2004}
}
@article{Lin2012,
author = {Lin, Chinho and Wu, Ya Jung and Chang, Chiachi and Wang, Weihan and Lee, Cheng Yu},
doi = {10.1016/j.technovation.2012.01.004},
file = {:C$\backslash$:/Users/marti/AppData/Local/Mendeley Ltd./Mendeley Desktop/Downloaded/Lin et al. - 2012 - The alliance innovation performance of R{\&}D alliances - The absorptive capacity perspective.pdf:pdf},
isbn = {0166-4972},
issn = {01664972},
journal = {Technovation},
keywords = {Absorptive capacity,Alliance portfolio,Co-patenting,R{\&}D alliance,R{\&}D intensity,Technological distance},
number = {5},
pages = {282--292},
publisher = {Elsevier},
title = {{The alliance innovation performance of R{\&}D alliances - The absorptive capacity perspective}},
volume = {32},
year = {2012}
}
@article{Baskaran2016,
author = {Baskaran, Shruthi and Mehta, Khanjan},
doi = {10.1016/j.technovation.2016.01.005},
file = {:C$\backslash$:/Users/marti/Desktop/Nuova cartella/Baskaran{\_}2016{\_}what is innovation.pdf:pdf},
issn = {01664972},
journal = {Technovation},
keywords = {Development,Entrepreneurship,Indigenous knowledge,Innovation,Kenya,Resource constraints,Social enterprise,Tanzania,Youth},
pages = {4--17},
publisher = {Elsevier},
title = {{What is innovation anyway? Youth perspectives from resource-constrained environments}},
volume = {52-53},
year = {2016}
}
@article{VanLooy2004,
author = {{Van Looy}, Bart and Ranga, Marina and Callaert, Julie and Debackere, Koenraad and Zimmermann, Edwin},
doi = {10.1016/j.respol.2003.09.004},
file = {:C$\backslash$:/Users/marti/Desktop/Nuova cartella/van looy et al 2004 combining entrepreneurial and scientificc performance in academia matthew effect.pdf:pdf},
isbn = {0048-7333},
issn = {00487333},
journal = {Research Policy},
keywords = {Innovation systems,Knowledge interactions,University-industry relations},
number = {3},
pages = {425--441},
title = {{Combining entrepreneurial and scientific performance in academia: Towards a compounded and reciprocal Matthew-effect?}},
volume = {33},
year = {2004}
}
@article{Murray2004,
author = {Murray, Fiona},
doi = {10.1016/j.respol.2004.01.013},
file = {:C$\backslash$:/Users/marti/AppData/Local/Mendeley Ltd./Mendeley Desktop/Downloaded/Murray - 2004 - The role of academic inventors in entrepreneurial firms Sharing the laboratory life.pdf:pdf},
isbn = {0048-7333},
issn = {00487333},
journal = {Research Policy},
keywords = {Careers,Cosmopolitans,Entrepreneurship,Networks,Social capital},
number = {4},
pages = {643--659},
title = {{The role of academic inventors in entrepreneurial firms: Sharing the laboratory life}},
volume = {33},
year = {2004}
}
@article{Ittelson2002,
author = {Ittelson, T and Nelsen, L},
doi = {10.1038/nbt0602supp-BE26},
file = {:C$\backslash$:/Users/marti/AppData/Local/Mendeley Ltd./Mendeley Desktop/Downloaded/Ittelson, Nelsen - 2002 - Incubation without walls.pdf:pdf},
isbn = {1087-0156},
issn = {10870156},
journal = {Nature biotechnology},
number = {6},
pages = {BE26--27},
title = {{Incubation without walls}},
url = {http://www.nature.com/nbt/journal/v20/n6s/full/nbt0602supp-BE26.html},
volume = {20 Suppl},
year = {2002}
}
@article{Audretsch2004,
author = {Audretsch, David B. and Lehmann, Erik and Warning, Susanne},
file = {:C$\backslash$:/Users/marti/Desktop/Nuova cartella/audretsch lehmann warninf 2004 university spillover science kind matter.pdf:pdf},
journal = {Industry and Innovation},
number = {June},
pages = {193--206},
title = {{University Spillovers: Does the Kind of Science Matter?}},
volume = {11},
year = {2004}
}
@article{Hayter2016,
author = {Hayter, Christopher S. and Rooksby, Jacob H.},
doi = {10.1007/s10961-015-9436-5},
file = {:C$\backslash$:/Users/marti/AppData/Local/Mendeley Ltd./Mendeley Desktop/Downloaded/Hayter, Rooksby - 2016 - A legal perspective on university technology transfer.pdf:pdf},
issn = {15737047},
journal = {Journal of Technology Transfer},
keywords = {Bayh???Dole,Law,Legal research,Patents,Technology transfer},
number = {2},
pages = {270--289},
publisher = {Springer US},
title = {{A legal perspective on university technology transfer}},
volume = {41},
year = {2016}
}
@article{Lee2005,
author = {Lee, Sooho and Bozeman, Barry},
issn = {03063127},
journal = {Social Studies of Science (Sage Publications, Ltd.)},
keywords = {FAMILY relations,RESEARCH institutes,SCIENTISTS,SURVEYS,UNITED States,WORK environment,normal and fractional publication counts,research collaboration,scientific productivity},
month = {oct},
number = {5},
pages = {673--702},
title = {{The Impact of Research Collaboration on Scientific Productivity.}},
volume = {35},
year = {2005}
}
@article{Nerkar2003,
author = {Nerkar, Atul and Shane, Scott},
doi = {10.1016/S0167-7187(03)00088-2},
file = {:C$\backslash$:/Users/marti/AppData/Local/Mendeley Ltd./Mendeley Desktop/Downloaded/Nerkar, Shane - 2003 - When do start-ups that exploit patented academic knowledge survive.pdf:pdf},
isbn = {0167-7187},
issn = {01677187},
journal = {International Journal of Industrial Organization},
keywords = {Entrepreneurship,Management of technological innovation and R{\&}D},
number = {9},
pages = {1391--1410},
pmid = {10806347},
title = {{When do start-ups that exploit patented academic knowledge survive?}},
volume = {21},
year = {2003}
}
@article{Wegner1987,
author = {Wegner, Daniel M},
doi = {10.1007/978-1-4612-4634-3_9},
isbn = {978-1-4612-9092-6},
journal = {Theories of Group Behavior},
pages = {185--208},
title = {{Transactive Memory: A Contemporary Analysis of the Group Mind}},
year = {1987}
}
@article{Patterson2015,
author = {Patterson, William and Ambrosini, V{\'{e}}ronique},
doi = {10.1016/j.technovation.2014.10.003},
file = {:C$\backslash$:/Users/marti/AppData/Local/Mendeley Ltd./Mendeley Desktop/Downloaded/Patterson, Ambrosini - 2015 - Configuring absorptive capacity as a key process for research intensive firms.pdf:pdf},
isbn = {01664972},
issn = {01664972},
journal = {Technovation},
keywords = {Absorptive capacity,Biopharmaceutical firms,Process studies},
pages = {77--89},
title = {{Configuring absorptive capacity as a key process for research intensive firms}},
volume = {36},
year = {2015}
}
@misc{Salerno2015,
author = {Salerno, Mario Sergio and Gomes, Leonardo Augusto De Vasconcelos and {Da Silva}, D{\'{e}}bora Oliveira and Bagno, Raoni Barros and Freitas, Simone Lara Teixeira Uch{\^{o}}a},
booktitle = {Technovation},
doi = {10.1016/j.technovation.2014.07.012},
file = {:C$\backslash$:/Users/marti/Desktop/Nuova cartella/Salerno{\_}2015{\_}Innovation-processes-Which-process-for-which-project-.pdf:pdf},
isbn = {0166-4972},
issn = {01664972},
keywords = {Contingency approach,Innovation management,Innovation organization,Innovation processes,New product development (NPD)},
pages = {59--70},
publisher = {Elsevier},
title = {{Innovation processes: Which process for which project?}},
volume = {35},
year = {2015}
}
@article{OShea2005,
author = {O'Shea, Rory P. and Allen, Thomas J. and Chevalier, Arnaud and Roche, Frank},
doi = {10.1016/j.respol.2005.05.011},
file = {:C$\backslash$:/Users/marti/AppData/Local/Mendeley Ltd./Mendeley Desktop/Downloaded/O'Shea et al. - 2005 - Entrepreneurial orientation, technology transfer and spinoff performance of U.S. universities.pdf:pdf},
isbn = {0048-7333},
issn = {00487333},
journal = {Research Policy},
keywords = {Resource-based view,Technology transfer,University entrepreneurship,University spinoffs},
number = {7},
pages = {994--1009},
pmid = {596},
title = {{Entrepreneurial orientation, technology transfer and spinoff performance of U.S. universities}},
volume = {34},
year = {2005}
}
@article{Baldini2007,
author = {Baldini, Nicola and Grimaldi, Rosa and Sobrero, Maurizio},
doi = {10.1007/s11192-007-0206-5},
file = {:C$\backslash$:/Users/marti/AppData/Local/Mendeley Ltd./Mendeley Desktop/Downloaded/Baldini, Grimaldi, Sobrero - 2007 - To patent or not to patent A survey of Italian inventors on motivations, incentives, and obstacles t.pdf:pdf},
isbn = {0138-9130},
issn = {01389130},
journal = {Scientometrics},
number = {2},
pages = {333--354},
title = {{To patent or not to patent? A survey of Italian inventors on motivations, incentives, and obstacles to university patenting}},
volume = {70},
year = {2007}
}
@article{Muscio2013,
author = {Muscio, Alessandro and Pozzali, Andrea},
doi = {10.1007/s10961-012-9262-y},
file = {:C$\backslash$:/Users/marti/AppData/Local/Mendeley Ltd./Mendeley Desktop/Downloaded/Muscio, Pozzali - 2013 - The effects of cognitive distance in university-industry collaborations Some evidence from Italian universities.pdf:pdf},
isbn = {0892-9912},
issn = {08929912},
journal = {Journal of Technology Transfer},
keywords = {Cognitive distance,Knowledge transfer,University-industry collaboration},
number = {4},
pages = {486--508},
title = {{The effects of cognitive distance in university-industry collaborations: Some evidence from Italian universities}},
volume = {38},
year = {2013}
}
@book{Jensen1998,
author = {Jensen, Richard and Thursby, Marie C},
booktitle = {The American economic review},
doi = {10.3386/w6698},
file = {:C$\backslash$:/Users/marti/AppData/Local/Mendeley Ltd./Mendeley Desktop/Downloaded/Jensen, Thursby - 1998 - Proofs and Prototypes for Sale The Tale of University Licensing.pdf:pdf},
isbn = {0002-8282},
issn = {10478310},
number = {1},
pages = {240--259},
title = {{Proofs and Prototypes for Sale: The Tale of University Licensing}},
volume = {91},
year = {1998}
}
@article{Klofsten2000,
author = {Klofsten, Magnus and Jones-Evans, Dylan},
journal = {Small Business Economics},
keywords = {Existenzgr{\"{u}}ndung},
number = {4},
pages = {299--309},
publisher = {Springer Netherlands},
title = {{Comparing Academic Entrepreneurship in Europe – The Case of Sweden and Ireland}},
volume = {14},
year = {2000}
}
@article{Powell1996,
author = {Powell, W W and Koput, K W and Smith-Doerr, L},
journal = {Administrative Science Quarterly},
keywords = {Alliances,BUSINESS,Biotechnology,COOPERATION,Experimental/theoretical treatment,FIRMS,FORMS,INDUSTRY,Industrial research,Innovations,Learning,MANAGEMENT,Organization theory,Organizational behavior,Pharmaceuticals industry,Research {\&}amp,STRATEGIC ALLIANCES,Statistical analysis,Studies,US,development},
number = {1},
pages = {116--145},
title = {{Interorganizational Collaboration and the Locus of Innovation: Networks of learning in biotechnology}},
volume = {41},
year = {1996}
}
@article{Hertzfeld2006,
author = {Hertzfeld, Henry R. and Link, Albert N. and Vonortas, Nicholas S.},
journal = {Research Policy},
keywords = {Intellectual property rights,Patents,Research partnerships},
month = {jul},
number = {6},
pages = {825--838},
title = {{Intellectual property protection mechanisms in research partnerships}},
volume = {35},
year = {2006}
}
